@misc{wiki,
  author = "Function(Mathematics)-Wikipedia",
  title = "many authors",
  url = "\url{https://en.wikipedia.org/wiki/Function_(mathematics)}"
}

@misc{arnab,
  author = "Arnab Bhattacharya",
  title = "Dr. Arnab Bhattacharya",
  url = "\url{https://cse.iitk.ac.in/users/arnabb/}"
}
